
@Book{navathe,
  title         = {Sistemas de banco de dados},
  author        = {Elmasri, Ramez and Navathe, Shamkant B.},
  year          = 2011,
  publisher     = {Pearson Education do Brasil},
  number        = {v. 6},
  isbn          = {9788543013817}
}

@Article{database_security_threats,
  title         = {Database Security Threats and Challenges}, 
  author        = {Mousa, Abdulazeez and Karabatak, Murat and Mustafa, Twana},
  year          = 2020,
  journal       = {IEEE Transactions on Dependable and Secure Computing},
  pages         = {1--5},
  doi           = {10.1109/ISDFS49300.2020.9116436}
}

@Article{database_concepts,
  title         = {Database security - concepts, approaches, and challenges}, 
  author        = {Bertino, E. and Sandhu, R.},
  year          = 2005,
  journal       = {IEEE Transactions on Dependable and Secure Computing},
  volume        = {2},
  pages         = {2--19},
  number        = {1},
  doi           = {10.1109/TDSC.2005.9}
}

@Article{top_ten,
  title         = {Top Ten Database Security Threats}, 
  author        = {Amichai, Shulman},
  year          = 2006,
  journal       = {Imperva, Inc},
  pages         = {1--14},
  url           = {https://schell.com/Top_Ten_Database_Threats.pdf}
}

@Article{database_history,
  title         = {Database Security: A Historical Perspective},
  author        = {Lesov, Paul},
  year          = 2010,
  doi           = {10.48550/ARXIV.1004.4022},
  url           = {https://arxiv.org/abs/1004.4022},
  pages         = {1--19},
  publisher     = {arXiv},
  copyright     = {arXiv.org perpetual, non-exclusive license},
  keywords      = {Databases (cs.DB), FOS: Computer and information sciences, FOS: Computer and information sciences}
}

@Article{security_concepts,
  title         = {SEGURANÇA EM BANCO DE DADOS: CONCEITOS E APLICAÇÕES},
  author        = {Martins, Crepaldi Fábio and Junior, Candido Eli},
  year          = 2014,
  pages         = {1--13},
  url           = {http://intertemas.toledoprudente.edu.br/index.php/ETIC/article/view/4412/4172},
  publisher     = {Toledo Prudente Centro Universitário},
  keywords      = {segurança em banco de dados; privilégios; backup}
}

@misc{kaspersky,
  author        = {Kaspersky},
  title         = {Centro de Recursos Kaspersky},
  url           = {https://www.kaspersky.com.br/resource-center},
  note          = {Last accessed on 2022-09-21}
}

